@ARTICLE{oconnor:13,
   author = {{O'Connor}, E. and {Ott}, C.~D.},
    title = "{The Progenitor Dependence of the Pre-explosion Neutrino Emission in Core-collapse Supernovae}",
  journal = {\apj},
archivePrefix = "arXiv",
   eprint = {1207.1100},
 primaryClass = "astro-ph.HE",
 keywords = {equation of state, hydrodynamics, neutrinos, stars: evolution, stars: neutron, supernovae: general},
     year = 2013,
   volume = 762,
      eid = {126},
    pages = {126},
      doi = {10.1088/0004-637X/762/2/126},
   adsurl = {http://adsabs.harvard.edu/abs/2013ApJ...762..126O},
}

@ARTICLE{dicintio:14,
   author = {{Di Cintio}, A. and {Brook}, C.~B. and {Macci{\`o}}, A.~V. and 
	{Stinson}, G.~S. and {Knebe}, A. and {Dutton}, A.~A. and {Wadsley}, J.
	},
    title = "{The dependence of dark matter profiles on the stellar-to-halo mass ratio: a prediction for cusps versus cores}",
  journal = {\mnras},
archivePrefix = "arXiv",
   eprint = {1306.0898},
 primaryClass = "astro-ph.CO",
 keywords = {hydrodynamics, galaxies: evolution, galaxies: formation, dark matter},
     year = 2014,
    month = jan,
   volume = 437,
    pages = {415-423},
      doi = {10.1093/mnras/stt1891},
   adsurl = {http://adsabs.harvard.edu/abs/2014MNRAS.437..415D},
  adsnote = {Provided by the SAO/NASA Astrophysics Data System},
}